@misc{Brighindi_MB-X.01_LON_Mirror_2025,
  author       = {Massimiliano Brighindi},
  title        = {MB-X.01 · Logical Origin Node (L.O.N.) — Mirror},
  year         = {2025},
  month        = {October},
  howpublished = {GitHub repository},
  url          = {https://github.com/Tuttotorna/lon-mirror},
  note         = {Replica ufficiale e machine-readable del Logical Origin Node (L.O.N.) con puntamenti a https://massimiliano.neocities.org/},
  license      = {MIT}
}
